
@book{deeplearningbook,
    title={Deep Learning},
    author={Ian Goodfellow and Yoshua Bengio and Aaron Courville},
    publisher={MIT Press},
    note={\url{http://www.deeplearningbook.org}},
    year={2016}
}

@article{VQVAE,
  author       = {A{\"{a}}ron van den Oord and
                  Oriol Vinyals and
                  Koray Kavukcuoglu},
  title        = {Neural Discrete Representation Learning},
  journal      = {CoRR},
  volume       = {abs/1711.00937},
  year         = {2017},
  url          = {http://arxiv.org/abs/1711.00937},
  eprinttype    = {arXiv},
  eprint       = {1711.00937},
  timestamp    = {Mon, 13 Aug 2018 16:48:11 +0200},
  biburl       = {https://dblp.org/rec/journals/corr/abs-1711-00937.bib},
  bibsource    = {dblp computer science bibliography, https://dblp.org}
}

@misc{TimeVQVAE,
      title={Vector Quantized Time Series Generation with a Bidirectional Prior Model}, 
      author={Daesoo Lee and Sara Malacarne and Erlend Aune},
      year={2023},
      eprint={2303.04743},
      archivePrefix={arXiv},
      primaryClass={cs.LG}
}



@article{VAE,
   title={An Introduction to Variational Autoencoders},
   volume={12},
   ISSN={1935-8245},
   url={http://dx.doi.org/10.1561/2200000056},
   DOI={10.1561/2200000056},
   number={4},
   journal={Foundations and Trends® in Machine Learning},
   publisher={Now Publishers},
   author={Kingma, Diederik P. and Welling, Max},
   year={2019},
   pages={307–392} }


@misc{Rep-rev-persp,
      title={Representation Learning: A Review and New Perspectives}, 
      author={Yoshua Bengio and Aaron Courville and Pascal Vincent},
      year={2014},
      eprint={1206.5538},
      archivePrefix={arXiv},
      primaryClass={cs.LG}
}

@misc{improving-vae-rep,
      title={Improving VAE-based Representation Learning}, 
      author={Mingtian Zhang and Tim Z. Xiao and Brooks Paige and David Barber},
      year={2022},
      eprint={2205.14539},
      archivePrefix={arXiv},
      primaryClass={stat.ML}
}

@misc{chang2022maskgit,
      title={MaskGIT: Masked Generative Image Transformer}, 
      author={Huiwen Chang and Han Zhang and Lu Jiang and Ce Liu and William T. Freeman},
      year={2022},
      eprint={2202.04200},
      archivePrefix={arXiv},
      primaryClass={cs.CV}
}

@misc{VQGAN,
      title={Taming Transformers for High-Resolution Image Synthesis}, 
      author={Patrick Esser and Robin Rombach and Björn Ommer},
      year={2021},
      eprint={2012.09841},
      archivePrefix={arXiv},
      primaryClass={cs.CV}
}

@misc{devlin2019bert,
      title={BERT: Pre-training of Deep Bidirectional Transformers for Language Understanding}, 
      author={Jacob Devlin and Ming-Wei Chang and Kenton Lee and Kristina Toutanova},
      year={2019},
      eprint={1810.04805},
      archivePrefix={arXiv},
      primaryClass={cs.CL}
}
@misc{bardes2022vicreg,
      title={VICReg: Variance-Invariance-Covariance Regularization for Self-Supervised Learning}, 
      author={Adrien Bardes and Jean Ponce and Yann LeCun},
      year={2022},
      eprint={2105.04906},
      archivePrefix={arXiv},
      primaryClass={cs.CV}
}

@misc{lee2024vibcreg,
      title={Computer Vision Self-supervised Learning Methods on Time Series}, 
      author={Daesoo Lee and Erlend Aune},
      year={2024},
      eprint={2109.00783},
      archivePrefix={arXiv},
      primaryClass={cs.LG}
}

@inproceedings{siamese,
author = {Bromley, Jane and Guyon, Isabelle and Lecun, Yann and Säckinger, Eduard and Shah, Roopak},
year = {1993},
month = {01},
pages = {737-744},
title = {Signature Verification Using a Siamese Time Delay Neural Network.},
volume = {7},
journal = {International Journal of Pattern Recognition and Artificial Intelligence - IJPRAI}
}